@inproceedings{R,

  title={Perfsuite: An accessible, open source performance analysis environment for linux},

  author={Kufrin, Rick},

  booktitle={6th International Conference on Linux Clusters: The HPC Revolution},

  volume={151},

  pages={05},

  year={2005},

  organization={Citeseer}

}

